@comment{% !Mode:: "TeX:UTF-8"}

@incollection{acuna2004treatment,
 author = {Acuna, Edgar and Rodriguez, Caroline},
 booktitle = {Classification, Clustering, and Data Mining Applications},
 pages = {639--647},
 publisher = {Springer},
 title = {{The Treatment of Missing Values And Its Effect on Classifier Accuracy}},
 year = {2004}
}

@article{atluri2018spatio,
 author = {Atluri, Gowtham and Karpatne, Anuj and Kumar, Vipin},
 journal = {ACM Computing Surveys (CSUR)},
 number = {4},
 pages = {1--41},
 publisher = {ACM New York, NY, USA},
 title = {{Spatio-temporal Data Mining: A Survey of Problems and Methods}},
 volume = {51},
 year = {2018}
}

@article{batista2003analysis,
 author = {Batista, Gustavo EAPA and Monard, Maria Carolina},
 journal = {Applied Artificial Intelligence},
 number = {5-6},
 pages = {519--533},
 publisher = {Taylor \& Francis},
 title = {{An Analysis of Four Missing Data Treatment Methods for Supervised Learning}},
 volume = {17},
 year = {2003}
}

@inproceedings{boquet2019missing,
 author = {Boquet, Guillem and Vicario, Jose Lopez and Morell, Antoni and Serrano, Javier},
 booktitle = {Proceedings of the 2019 IEEE International Conference on Acoustics, Speech and Signal Processing},
 organization = {IEEE},
 pages = {2882--2886},
 title = {{Missing Data in Traffic Estimation: A Variational Autoencoder Imputation Method}},
 year = {2019}
}

@article{castro2009online,
 author = {Castro-Neto, Manoel and Jeong, Young-Seon and Jeong, Myong-Kee and Han, Lee D},
 journal = {Expert Systems with Applications},
 number = {3},
 pages = {6164--6173},
 publisher = {Elsevier},
 title = {{Online-SVR for Short-term Traffic Flow Prediction Under Typical And Atypical Traffic Conditions}},
 volume = {36},
 year = {2009}
}

@inproceedings{chang2019free,
 author = {Chang, Ya-Liang and Liu, Zhe Yu and Lee, Kuan-Ying and Hsu, Winston},
 booktitle = {Proceedings of the IEEE International Conference on Computer Vision},
 pages = {9066--9075},
 title = {{Free-form Video Inpainting with 3D Gated Convolution and Temporal PatchGAN}},
 year = {2019}
}

@article{chen2019bayesian,
 author = {Chen, Xinyu and He, Zhaocheng and Sun, Lijun},
 journal = {Transportation Research Part C: Emerging Technologies},
 pages = {73--84},
 publisher = {Elsevier},
 title = {{A Bayesian Tensor Decomposition Approach for Spatiotemporal Traffic Data Imputation}},
 volume = {98},
 year = {2019}
}

@article{chen2019traffic,
 author = {Chen, Yuanyuan and Lv, Yisheng and Wang, Fei-Yue},
 journal = {IEEE Transactions on Intelligent Transportation Systems},
 number = {4},
 pages = {1624--1630},
 publisher = {IEEE},
 title = {{Traffic Flow Imputation using Parallel Data and Generative Adversarial Networks}},
 volume = {21},
 year = {2019}
}

@inproceedings{chollet2017xception,
 author = {Chollet, Fran{\c{c}}ois},
 booktitle = {Proceedings of the IEEE Conference on Computer Vision and Pattern Recognition},
 pages = {1251--1258},
 title = {{Xception: Deep Learning with Depth-wise Separable Convolutions}},
 year = {2017}
}

@inproceedings{duan2014deep,
 author = {Duan, Yanjie and Lv, Yisheng and Kang, Wenwen and Zhao, Yifei},
 booktitle = {Proceedings of the 17th International IEEE Conference on Intelligent Transportation Systems},
 organization = {IEEE},
 pages = {912--917},
 title = {{A Deep Learning Based Approach for Traffic Data Imputation}},
 year = {2014}
}

@article{duan2016efficient,
 author = {Duan, Yanjie and Lv, Yisheng and Liu, Yu-Liang and Wang, Fei-Yue},
 journal = {Transportation Research Part C: Emerging Technologies},
 pages = {168--181},
 publisher = {Elsevier},
 title = {{An Efficient Realization of Deep Learning for Traffic Data Imputation}},
 volume = {72},
 year = {2016}
}

@article{goodfellow2014generative,
  title={{Generative Adversarial Networks}},
  author={Goodfellow, Ian and Pouget-Abadie, Jean and Mirza, Mehdi and Xu, Bing and Warde-Farley, David and Ozair, Sherjil and Courville, Aaron and Bengio, Yoshua},
  journal={Communications of the ACM},
  volume={63},
  number={11},
  pages={139--144},
  year={2020},
  publisher={ACM New York, NY, USA}
}

@article{guo2019deep,
 author = {Guo, Shengnan and Lin, Youfang and Li, Shijie and Chen, Zhaoming and Wan, Huaiyu},
 journal = {IEEE Transactions on Intelligent Transportation Systems},
 number = {10},
 pages = {3913--3926},
 publisher = {IEEE},
 title = {{Deep Spatial-temporal 3D Convolutional Neural Networks for Traffic Data Forecasting}},
 volume = {20},
 year = {2019}
}

@inproceedings{he2015delving,
 author = {He, Kaiming and Zhang, Xiangyu and Ren, Shaoqing and Sun, Jian},
 booktitle = {Proceedings of the IEEE International Conference on Computer Vision},
 pages = {1026--1034},
 title = {{Delving Deep into Rectifiers: Surpassing Human-level Performance on Imagenet Classification}},
 year = {2015}
}

@inproceedings{ioffe2015batch,
 author = {Ioffe, Sergey and Szegedy, Christian},
 booktitle = {Proceedings of the 32th International Conference on Machine Learning},
 organization = {PMLR},
 pages = {448--456},
 title = {{Batch Normalization: Accelerating Deep Network Training by Reducing Internal Covariate Shift}},
 year = {2015}
}

@article{ji20123d,
 author = {Ji, Shuiwang and Xu, Wei and Yang, Ming and Yu, Kai},
 journal = {IEEE Transactions on Pattern Analysis and Machine Intelligence},
 number = {1},
 pages = {221--231},
 publisher = {IEEE},
 title = {{3D Convolutional Neural Networks for Human Action Recognition}},
 volume = {35},
 year = {2012}
}

@inproceedings{kingma2013auto,
  author    = {Diederik P. Kingma and Max Welling},
  title     = {{Auto-Encoding Variational Bayes}},
  booktitle = {Proceedings of the 2th International Conference on Learning Representations},
  year      = {2014},
}

@article{kobyzev2020normalizing,
 author = {Kobyzev, Ivan and Prince, Simon and Brubaker, Marcus},
 journal = {IEEE Transactions on Pattern Analysis and Machine Intelligence},
 publisher = {IEEE},
 title = {{Normalizing Flows: An Introduction and Review of Current Methods}},
 year = {2020}
}
@article{krizhevsky2012imagenet,
 author = {Krizhevsky, Alex and Sutskever, Ilya and Hinton, Geoffrey E},
 journal = {Advances in Neural Information Processing Systems},
 pages = {1097--1105},
 title = {{Imagenet Classification with Deep Convolutional Neural Networks}},
 volume = {25},
 year = {2012}
}

@article{kumar2015short,
 author = {Kumar, S Vasantha and Vanajakshi, Lelitha},
 journal = {European Transport Research Review},
 number = {3},
 pages = {1--9},
 publisher = {SpringerOpen},
 title = {{Short-term Traffic Flow Prediction Using Seasonal ARIMA Model with Limited Input Data}},
 volume = {7},
 year = {2015}
}

@article{lee1999application,
 author = {Lee, Sangsoo and Fambro, Daniel B},
 journal = {Transportation Research Record},
 number = {1},
 pages = {179--188},
 publisher = {SAGE Publications Sage CA: Los Angeles, CA},
 title = {{Application of Subset Autoregressive Integrated Moving Average Model for Short-term Freeway Traffic Volume Forecasting}},
 volume = {1678},
 year = {1999}
}

@article{li2014missing,
 author = {Li, Yuebiao and Li, Zhiheng and Li, Li},
 journal = {IET Intelligent Transport Systems},
 number = {1},
 pages = {51--57},
 publisher = {IET},
 title = {{Missing Traffic Data: Comparison of Imputation Methods}},
 volume = {8},
 year = {2014}
}

@inproceedings{li20183d,
 author = {Li, Zhimin and Zheng, Haifeng and Feng, Xinxin},
 booktitle = {Proceedings of the 10th International Conference on Wireless Communications and Signal Processing},
 organization = {IEEE},
 pages = {1--6},
 title = {{3D Convolutional Generative Adversarial Networks for Missing Traffic Data Completion}},
 year = {2018}
}

@inproceedings{lin2019deepstn+,
 author = {Lin, Ziqian and Feng, Jie and Lu, Ziyang and Li, Yong and Jin, Depeng},
 booktitle = {Proceedings of the AAAI Conference on Artificial Intelligence},
 number = {01},
 pages = {1020--1027},
 title = {{DeepSTN+: Context-aware Spatial-temporal Neural Network for Crowd Flow Prediction in Metropolis}},
 volume = {33},
 year = {2019}
}

@book{little2019statistical,
 author = {Little, Roderick JA and Rubin, Donald B},
 publisher = {John Wiley \& Sons},
 title = {{Statistical Analysis with Missing Data}},
 volume = {793},
 year = {2019}
}

@article{liu2012tensor,
 author = {Liu, Ji and Musialski, Przemyslaw and Wonka, Peter and Ye, Jieping},
 journal = {IEEE Transactions on Pattern Analysis and Machine Intelligence},
 number = {1},
 pages = {208--220},
 publisher = {IEEE},
 title = {{Tensor Completion for Estimating Missing Values in Visual Data}},
 volume = {35},
 year = {2012}
}

@inproceedings{liu2018image,
 author = {Liu, Guilin and Reda, Fitsum A and Shih, Kevin J and Wang, Ting-Chun and Tao, Andrew and Catanzaro, Bryan},
 booktitle = {Proceedings of the European Conference on Computer Vision},
 pages = {85--100},
 title = {{Image Inpainting for Irregular Holes using Partial Convolutions}},
 year = {2018}
}

@inproceedings{luo2019e2gan,
 author = {Luo, Yonghong and Zhang, Ying and Cai, Xiangrui and Yuan, Xiaojie},
 booktitle = {Proceedings of the 28th International Joint Conference on Artificial Intelligence},
 pages = {3094--3100},
 title = {{E2GAN: End-to-end Generative Adversarial Network for Multivariate Time Series Imputation}},
 year = {2019}
}

@inproceedings{maas2013rectifier,
 author = {Maas, Andrew L and Hannun, Awni Y and Ng, Andrew Y},
 booktitle = {Proceedings of the International Conference on Machine Learning},
 number = {1},
 organization = {Citeseer},
 pages = {3},
 title = {{Rectifier Nonlinearities Improve Neural Network Acoustic Models}},
 volume = {30},
 year = {2013}
}

@inproceedings{mattei2019miwae,
 author = {Mattei, Pierre-Alexandre and Frellsen, Jes},
 booktitle = {Proceedings of the 36th International Conference on Machine Learning},
 organization = {PMLR},
 pages = {4413--4423},
 title = {{MIWAE: Deep Generative Modelling and Imputation of Incomplete Data Sets}},
 year = {2019}
}

@inproceedings{mehta2018rs,
 author = {Mehta, Raghav and Arbel, Tal},
 booktitle = {Proceedings of the International Workshop on Simulation and Synthesis in Medical Imaging},
 organization = {Springer},
 pages = {119--129},
 title = {{RS-Net: Regression-segmentation 3D CNN for Synthesis of Full Resolution Missing Brain MRI in the Presence of Tumours}},
 year = {2018}
}

@article{nazabal2020handling,
 author = {Nazabal, Alfredo and Olmos, Pablo M and Ghahramani, Zoubin and Valera, Isabel},
 journal = {Pattern Recognition},
 pages = {107501},
 publisher = {Elsevier},
 title = {{Handling Incomplete Heterogeneous Data using VAEs}},
 volume = {107},
 year = {2020}
}

@article{oba2003bayesian,
 author = {Oba, Shigeyuki and Sato, Masa-aki and Takemasa, Ichiro and Monden, Morito and Matsubara, Ken-ichi and Ishii, Shin},
 journal = {Bioinformatics},
 number = {16},
 pages = {2088--2096},
 publisher = {Oxford University Press},
 title = {{A Bayesian Missing Value Estimation Method for Gene Expression Profile Data}},
 volume = {19},
 year = {2003}
}

@article{qu2009ppca,
 author = {Qu, Li and Li, Li and Zhang, Yi and Hu, Jianming},
 journal = {IEEE Transactions on Intelligent Transportation Systems},
 number = {3},
 pages = {512--522},
 publisher = {IEEE},
 title = {{PPCA-Based Missing Data Imputation for Traffic Flow Volume: A Systematical Approach}},
 volume = {10},
 year = {2009}
}

@article{ran2016tensor,
 author = {Ran, Bin and Tan, Huachun and Wu, Yuankai and Jin, Peter J},
 journal = {Physica A: Statistical Mechanics and its Applications},
 pages = {54--63},
 publisher = {Elsevier},
 title = {{Tensor Based Missing Traffic Data Completion with Spatial-temporal Correlation}},
 volume = {446},
 year = {2016}
}

@inproceedings{rezende2015variational,
 author = {Rezende, Danilo and Mohamed, Shakir},
 booktitle = {Proceedings of the 32th International Conference on Machine Learning},
 organization = {PMLR},
 pages = {1530--1538},
 title = {{Variational Inference with Normalizing Flows}},
 year = {2015}
}


@inproceedings{ronneberger2015u,
 author = {Ronneberger, Olaf and Fischer, Philipp and Brox, Thomas},
 booktitle = {Proceedings of the International Conference on Medical Image Computing and Computer-assisted Intervention},
 organization = {Springer},
 pages = {234--241},
 title = {{U-Net: Convolutional Networks for Biomedical Image Segmentation}},
 year = {2015}
}

@article{russakovsky2015imagenet,
 author = {Russakovsky, Olga and Deng, Jia and Su, Hao and Krause, Jonathan and Satheesh, Sanjeev and Ma, Sean and Huang, Zhiheng and Karpathy, Andrej and Khosla, Aditya and Bernstein, Michael and others},
 journal = {International Journal of Computer Vision},
 number = {3},
 pages = {211--252},
 publisher = {Springer},
 title = {{Imagenet Large Scale Visual Recognition Challenge}},
 volume = {115},
 year = {2015}
}

@article{shi2015convolutional,
 author = {Shi, Xingjian and Chen, Zhourong and Wang, Hao and Yeung, Dit-Yan and Wong, Wai-Kin and Woo, Wang-chun},
 journal = {Advances in Neural Information Processing Systems},
 title = {{Convolutional LSTM Network: A Machine Learning Approach for Precipitation Nowcasting}},
 volume = {28},
 year = {2015}
}

@inproceedings{simonyan2014very,
  author    = {Karen Simonyan and Andrew Zisserman},

  title     = {{Very Deep Convolutional Networks for Large-scale Image Recognition}},
  booktitle = {Proceedings of the 3th International Conference on Learning Representations},
  year      = {2015}
}

@article{tak2016data,
 author = {Tak, Sehyun and Woo, Soomin and Yeo, Hwasoo},
 journal = {IEEE Transactions on Intelligent Transportation Systems},
 number = {6},
 pages = {1762--1771},
 publisher = {IEEE},
 title = {{Data-driven Imputation Method for Traffic Data in Sectional Units of Road Links}},
 volume = {17},
 year = {2016}
}

@article{tipping1999probabilistic,
 author = {Tipping, Michael E and Bishop, Christopher M},
 journal = {Journal of the Royal Statistical Society: Series B (Statistical Methodology)},
 number = {3},
 pages = {611--622},
 publisher = {Wiley Online Library},
 title = {{Probabilistic Principal Component Analysis}},
 volume = {61},
 year = {1999}
}

@inproceedings{tran2018closer,
 author = {Tran, Du and Wang, Heng and Torresani, Lorenzo and Ray, Jamie and LeCun, Yann and Paluri, Manohar},
 booktitle = {Proceedings of the IEEE conference on Computer Vision and Pattern Recognition},
 pages = {6450--6459},
 title = {{A Closer Look at Spatiotemporal Convolutions for Action Recognition}},
 year = {2018}
}

@article{troyanskaya2001missing,
 author = {Troyanskaya, Olga and Cantor, Michael and Sherlock, Gavin and Brown, Pat and Hastie, Trevor and Tibshirani, Robert and Botstein, David and Altman, Russ B},
 journal = {Bioinformatics},
 number = {6},
 pages = {520--525},
 publisher = {Oxford University Press},
 title = {{Missing Value Estimation Methods for DNA Microarrays}},
 volume = {17},
 year = {2001}
}

@inproceedings{van2018sylvester,
 author = {Van Den Berg, Rianne and Hasenclever, Leonard and Tomczak, Jakub M and Welling, Max},
 booktitle = {Proceedings of the 34th Conference on Uncertainty in Artificial Intelligence},
 pages = {393--402},
 title = {{Sylvester Normalizing Flows for Variational Inference}},
 year = {2018}
}

@inproceedings{vincent2008extracting,
 author = {Vincent, Pascal and Larochelle, Hugo and Bengio, Yoshua and Manzagol, Pierre-Antoine},
 booktitle = {Proceedings of the 25th International Conference on Machine Learning},
 pages = {1096--1103},
 title = {{Extracting and Composing Robust Features with Denoising Autoencoders}},
 year = {2008}
}

@article{vincent2010stacked,
 author = {Vincent, Pascal and Larochelle, Hugo and Lajoie, Isabelle and Bengio, Yoshua and Manzagol, Pierre-Antoine and Bottou, L{\'e}on},
 journal = {Journal of Machine Learning Research},
 number = {12},
 title = {{Stacked Denoising Autoencoders: Learning Useful Representations In A Deep Network with A Local Denoising Criterion}},
 volume = {11},
 year = {2010}
}

@inproceedings{wang2018deepstcl,
 author = {Wang, Dongjie and Yang, Yan and Ning, Shangming},
 booktitle = {Proceedings of the International Joint Conference on Neural Networks},
 organization = {IEEE},
 pages = {1--8},
 title = {{DeepSTCL: A Deep Spatio-temporal Convlstm for Travel Demand Prediction}},
 year = {2018}
}

@article{wang2018locality,
 author = {Wang, Qi and Wan, Jia and Yuan, Yuan},
 journal = {Pattern Recognition},
 pages = {272--281},
 publisher = {Elsevier},
 title = {{Locality Constraint Distance Metric Learning for Traffic Congestion Detection}},
 volume = {75},
 year = {2018}
}

@inproceedings{wang2019video,
 author = {Wang, Chuan and Huang, Haibin and Han, Xiaoguang and Wang, Jue},
 booktitle = {Proceedings of the 33th AAAI Conference on Artificial Intelligence},
 number = {01},
 pages = {5232--5239},
 publisher = {{AAAI} Press},
 title = {{Video Inpainting By Jointly Learning Temporal Structure And Spatial Details}},
 volume = {33},
 year = {2019}
}

@inproceedings{woo2018cbam,
 author = {Woo, Sanghyun and Park, Jongchan and Lee, Joon-Young and Kweon, In So},
 booktitle = {Proceedings of the European Conference on Computer Vision},
 pages = {3--19},
 title = {{CBAM: Convolutional Block Attention Module}},
 year = {2018}
}

@inproceedings{xie2019image,
 author = {Xie, Chaohao and Liu, Shaohui and Li, Chao and Cheng, Ming-Ming and Zuo, Wangmeng and Liu, Xiao and Wen, Shilei and Ding, Errui},
 booktitle = {Proceedings of the IEEE International Conference on Computer Vision},
 pages = {8857--8866},
 title = {{Image Inpainting with Learnable Bidirectional Attention Maps}},
 year = {2019}
}

@article{yang2021st,
  author    = {Bing Yang and
               Yan Kang and
               Yaoyao Yuan and
               Xin Huang and
               Hao Li},
  title     = {{ST-LBAGAN: Spatio-temporal Learnable Bidirectional Attention Generative Adversarial Networks for Missing Traffic Data Imputation}},
  journal   = {Knowledge-Based Systems},
  volume    = {215},
  pages     = {106705},
  year      = {2021}
}

@inproceedings{yoon2018gain,
  author    = {Jinsung Yoon and
               James Jordon and
               Mihaela van der Schaar},
  title     = {{GAIN: Missing Data Imputation using Generative Adversarial Nets}},
  booktitle = {Proceedings of the 35th International Conference on Machine Learning},
  volume    = {80},
  pages     = {5675--5684},
  publisher = {{PMLR}},
  year      = {2018},
}

@inproceedings{yu20193d,
  author    = {Feng Yu and
               Dan Wei and
               Shuting Zhang and
               Yanli Shao},
  title     = {{3D CNN-based Accurate Prediction for Large-scale Traffic Flow}},
  booktitle = {Proceedings of the 4th International Conference on Intelligent Transportation Engineering},
  pages     = {99--103},
  publisher = {{IEEE}},
  year      = {2019}
 }

@inproceedings{zhang2017deep,
  author    = {Junbo Zhang and
               Yu Zheng and
               Dekang Qi},
  title     = {{Deep Spatio-temporal Residual Networks for Citywide Crowd Flows Prediction}},
  booktitle = {Proceedings of the 31th AAAI Conference on Artificial Intelligence},
  pages     = {1655--1661},
  publisher = {{AAAI} Press},
  year      = {2017}
}

@data{illinoisdatabankIDB-9610843,
author = {Donovan, Brian and Work, Dan},
publisher = {University of Illinois at Urbana-Champaign},
title = {{New York City Taxi Trip Data (2010-2013)}},
year = {2016}
}

@article{hwg2005,
 author = {韩卫国 and 王劲峰 and 胡建军},
 journal = {交通与计算机},
 language = {zh},
 number = {1},
 pages = {39--42},
 title = {{交通流量数据缺失值的插补方法}},
 volume = {23},
 year = {2005}
}
@article{plg2010,
 author = {潘立强 and 李建中 and 骆吉洲},
 journal = {计算机学报},
 language = {zh},
 number = {1},
 pages = {1--11},
 title = {{传感器网络中一种基于时-空相关性的缺失值估计算法}},
 publisher = {科学出版社},
 address   = {北京, 中国},
 volume = {33},
 year = {2010}
}

@INPROCEEDINGS{cnproceed,
	author    = {王重阳 and 黄药师 and 欧阳峰 and 洪七公 and 段皇帝},
	title     = {武林高手从入门到精通},
	booktitle = {第~$N$~次华山论剑},
	year      = 2006,
	address   = {西安, 中国},
	month     = sep,
	language   ="zh",
}

@ARTICLE{cnarticle,
	AUTHOR  = "贾宝玉 and 林黛玉 and 薛宝钗 and 贾探春",
	TITLE   = "论刘姥姥食量大如牛之现实意义",
	JOURNAL = "红楼梦杂谈",
	PAGES   = "260--266",
	VOLUME  = "224",
	YEAR    = "1800",
	language   ="zh",
}


@inbook{Lin1992,
	language   ="zh",
	AUTHOR     = "林来兴",
	TITLE      = "空间控制技术",
	PUBLISHER  = "宇航出版社",
	YEAR       = "1992",
	Pages      = "25-42",
	ADDRESS    = "北京",
}

@book{xin1994,
	language   ="zh",
	title={信息技术与信息服务国际研讨会论文集},
	author={辛希孟 and 中国科学院文献信息中心 and 孟广均 and 信息学},
	year={1994},
	publisher={中国社会科学出版社},
	pages={45-49},
	address={北京},
	typeoflit={C},
}

@book{zhao1998,
	language   ="zh",
	title={新时代的工业工程师},
	author={赵耀东},
	year={1998},
	citedate =     {1998-09-26},
	address={台北},
	publisher={天下文化出版社},
	url={http://www.ie.nthu.edu.tw/info/ie.newie.htm(Big5)},
	typeoflit={M/OL},
}

