% !Mode:: "TeX:UTF-8"

@incollection{acuna2004treatment,
  title={The Treatment of Missing Values and Its Effect on Classifier Accuracy},
  author={Acuna, Edgar and Rodriguez, Caroline},
  booktitle={Classification, clustering, and data mining applications},
  pages={639--647},
  year={2004},
  publisher={Springer}
}
@inproceedings{xie2019image,
  title={Image Inpainting with Learnable Bidirectional Attention Maps},
  author={Xie, Chaohao and Liu, Shaohui and Li, Chao and Cheng, Ming-Ming and Zuo, Wangmeng and Liu, Xiao and Wen, Shilei and Ding, Errui},
  booktitle={Proceedings of the IEEE/CVF International Conference on Computer Vision},
  pages={8858--8867},
  year={2019}
}
@article{yang2021st,
  title={ST-LBAGAN: Spatio-temporal Learnable Bidirectional Attention Generative Adversarial Networks for Missing Traffic Data Imputation},
  author={Yang, Bing and Kang, Yan and Yuan, YaoYao and Huang, Xin and Li, Hao},
  journal={Knowledge-Based Systems},
  volume={215},
  pages={106705},
  year={2021},
  publisher={Elsevier}
}
@inproceedings{chollet2017xception,
  title={Xception: Deep Learning with Depth-wise Separable Convolutions},
  author={Chollet, Fran{\c{c}}ois},
  booktitle={Proceedings of the IEEE conference on computer vision and pattern recognition},
  pages={1251--1258},
  year={2017}
}
@inproceedings{mattei2019miwae,
  title={MIWAE: Deep Generative Modelling and Imputation of Incomplete Data Sets},
  author={Mattei, Pierre-Alexandre and Frellsen, Jes},
  booktitle={International Conference on Machine Learning},
  pages={4413--4423},
  year={2019},
  organization={PMLR}
}
@inproceedings{boquet2019missing,
  title={Missing Data in Traffic Estimation: A Variational Autoencoder Imputation Method},
  author={Boquet, Guillem and Vicario, Jose Lopez and Morell, Antoni and Serrano, Javier},
  booktitle={ICASSP 2019-2019 IEEE International Conference on Acoustics, Speech and Signal Processing (ICASSP)},
  pages={2882--2886},
  year={2019},
  organization={IEEE}
}
@inproceedings{rezende2015variational,
  title={Variational Inference with Normalizing Flows},
  author={Rezende, Danilo and Mohamed, Shakir},
  booktitle={International Conference on Machine Learning},
  pages={1530--1538},
  year={2015},
  organization={PMLR}
}
@inproceedings{yu20193d,
  title={3D CNN-based Accurate Prediction for Large-scale Traffic Flow},
  author={Yu, Feng and Wei, Dan and Zhang, Shuting and Shao, Yanli},
  booktitle={2019 4th International Conference on Intelligent Transportation Engineering (ICITE)},
  pages={99--103},
  year={2019},
  organization={IEEE}
}
@inproceedings{lin2019deepstn+,
  title={Deepstn+: Context-aware Spatial-temporal Neural Network for Crowd Flow Prediction in Metropolis},
  author={Lin, Ziqian and Feng, Jie and Lu, Ziyang and Li, Yong and Jin, Depeng},
  booktitle={Proceedings of the AAAI Conference on Artificial Intelligence},
  volume={33},
  number={01},
  pages={1020--1027},
  year={2019}
}
@article{shi2015convolutional,
  title={Convolutional LSTM Network: A Machine Learning Approach for Precipitation Nowcasting},
  author={Shi, Xingjian and Chen, Zhourong and Wang, Hao and Yeung, Dit-Yan and Wong, Wai-Kin and Woo, Wang-chun},
  journal={Advances in neural information processing systems},
  volume={28},
  year={2015}
}
@article{simonyan2014very,
  title={Very Deep Convolutional Networks for Large-scale Image Recognition},
  author={Simonyan, Karen and Zisserman, Andrew},
  journal={arXiv preprint arXiv:1409.1556},
  year={2014}
}
@inproceedings{liu2018image,
  title={Image Inpainting for Irregular Holes using Partial Convolutions},
  author={Liu, Guilin and Reda, Fitsum A and Shih, Kevin J and Wang, Ting-Chun and Tao, Andrew and Catanzaro, Bryan},
  booktitle={Proceedings of the European Conference on Computer Vision (ECCV)},
  pages={85--100},
  year={2018}
}
@article{russakovsky2015imagenet,
  title={Imagenet Large Scale Visual Recognition Challenge},
  author={Russakovsky, Olga and Deng, Jia and Su, Hao and Krause, Jonathan and Satheesh, Sanjeev and Ma, Sean and Huang, Zhiheng and Karpathy, Andrej and Khosla, Aditya and Bernstein, Michael and others},
  journal={International journal of computer vision},
  volume={115},
  number={3},
  pages={211--252},
  year={2015},
  publisher={Springer}
}
@inproceedings{ronneberger2015u,
  title={U-net: Convolutional Networks for Biomedical Image Segmentation},
  author={Ronneberger, Olaf and Fischer, Philipp and Brox, Thomas},
  booktitle={International Conference on Medical image computing and computer-assisted intervention},
  pages={234--241},
  year={2015},
  organization={Springer}
}
@inproceedings{he2015delving,
  title={Delving Deep into Rectifiers: Surpassing Human-level Performance on Imagenet Classification},
  author={He, Kaiming and Zhang, Xiangyu and Ren, Shaoqing and Sun, Jian},
  booktitle={Proceedings of the IEEE international conference on computer vision},
  pages={1026--1034},
  year={2015}
}
@data{illinoisdatabankIDB-9610843,
doi = {10.13012/J8PN93H8},
url = {https://doi.org/10.13012/J8PN93H8},
author = {Donovan, Brian and Work, Dan},
publisher = {University of Illinois at Urbana-Champaign},
title = {New York City Taxi Trip Data (2010-2013)},
year = {2016}
}
@inproceedings{woo2018cbam,
  title={CBAM: Convolutional Block Attention Module},
  author={Woo, Sanghyun and Park, Jongchan and Lee, Joon-Young and Kweon, In So},
  booktitle={Proceedings of the European conference on computer vision (ECCV)},
  pages={3--19},
  year={2018}
}
@inproceedings{chang2019free,
  title={Free-form Video Inpainting with 3D Gated Convolution and Temporal PatchGAN},
  author={Chang, Ya-Liang and Liu, Zhe Yu and Lee, Kuan-Ying and Hsu, Winston},
  booktitle={Proceedings of the IEEE/CVF International Conference on Computer Vision},
  pages={9066--9075},
  year={2019}
}
@inproceedings{ioffe2015batch,
  title={Batch Normalization: Accelerating Deep Network Training by Reducing Internal Covariate Shift},
  author={Ioffe, Sergey and Szegedy, Christian},
  booktitle={International conference on machine learning},
  pages={448--456},
  year={2015},
  organization={PMLR}
}
@inproceedings{van2018sylvester,
  title={Sylvester Normalizing Flows for Variational Inference},
  author={Van Den Berg, Rianne and Hasenclever, Leonard and Tomczak, Jakub M and Welling, Max},
  booktitle={34th Conference on Uncertainty in Artificial Intelligence},
  pages={393--402},
  year={2018}
}
@inproceedings{wang2019video,
  title={Video Inpainting by Jointly Learning Temporal Structure and Spatial Details},
  author={Wang, Chuan and Huang, Haibin and Han, Xiaoguang and Wang, Jue},
  booktitle={Proceedings of the AAAI Conference on Artificial Intelligence},
  volume={33},
  number={01},
  pages={5232--5239},
  year={2019}
}
@article{guo2019deep,
  title={Deep Spatial-temporal 3D Convolutional Neural Networks for Traffic Data Forecasting},
  author={Guo, Shengnan and Lin, Youfang and Li, Shijie and Chen, Zhaoming and Wan, Huaiyu},
  journal={IEEE Transactions on Intelligent Transportation Systems},
  volume={20},
  number={10},
  pages={3913--3926},
  year={2019},
  publisher={IEEE}
}
@inproceedings{rezende2015variational,
  title={Variational Inference with Normalizing Flows},
  author={Rezende, Danilo and Mohamed, Shakir},
  booktitle={International Conference on Machine Learning},
  pages={1530--1538},
  year={2015},
  organization={PMLR}
}
@article{kobyzev2020normalizing,
  title={Normalizing Flows: An Introduction and Review of Current Methods},
  author={Kobyzev, Ivan and Prince, Simon and Brubaker, Marcus},
  journal={IEEE Transactions on Pattern Analysis and Machine Intelligence},
  year={2020},
  publisher={IEEE}
}
@inproceedings{yu20193d,
  title={3D CNN-based Accurate Prediction for Large-scale Traffic Flow},
  author={Yu, Feng and Wei, Dan and Zhang, Shuting and Shao, Yanli},
  booktitle={2019 4th International Conference on Intelligent Transportation Engineering (ICITE)},
  pages={99--103},
  year={2019},
  organization={IEEE}
}
@inproceedings{mehta2018rs,
  title={RS-Net: Regression-segmentation 3D CNN for Synthesis of Full Resolution Missing Brain MRI In The Presence of Tumours},
  author={Mehta, Raghav and Arbel, Tal},
  booktitle={International Workshop on Simulation and Synthesis in Medical Imaging},
  pages={119--129},
  year={2018},
  organization={Springer}
}
@inproceedings{tran2018closer,
  title={A Closer Look at Spatiotemporal Convolutions for Action Recognition},
  author={Tran, Du and Wang, Heng and Torresani, Lorenzo and Ray, Jamie and LeCun, Yann and Paluri, Manohar},
  booktitle={Proceedings of the IEEE conference on Computer Vision and Pattern Recognition},
  pages={6450--6459},
  year={2018}
}
@article{kobyzev2020normalizing,
  title={Normalizing flows: An Introduction and Review of Current Methods},
  author={Kobyzev, Ivan and Prince, Simon and Brubaker, Marcus},
  journal={IEEE Transactions on Pattern Analysis and Machine Intelligence},
  year={2020},
  publisher={IEEE}
}
@article{ji20123d,
  title={3D Convolutional Neural Networks for Human Action Recognition},
  author={Ji, Shuiwang and Xu, Wei and Yang, Ming and Yu, Kai},
  journal={IEEE transactions on pattern analysis and machine intelligence},
  volume={35},
  number={1},
  pages={221--231},
  year={2012},
  publisher={IEEE}
}
@inproceedings{maas2013rectifier,
  title={Rectifier Nonlinearities Improve Neural Network Acoustic Models},
  author={Maas, Andrew L and Hannun, Awni Y and Ng, Andrew Y},
  booktitle={Proc. icml},
  volume={30},
  number={1},
  pages={3},
  year={2013},
  organization={Citeseer}
}
@article{krizhevsky2012imagenet,
  title={Imagenet Classification with Deep Convolutional Neural Networks},
  author={Krizhevsky, Alex and Sutskever, Ilya and Hinton, Geoffrey E},
  journal={Advances in neural information processing systems},
  volume={25},
  pages={1097--1105},
  year={2012}
}
@article{kingma2013auto,
  title={Auto-encoding Variational Bayes},
  author={Kingma, Diederik P and Welling, Max},
  journal={arXiv preprint arXiv:1312.6114},
  year={2013}
}
@article{atluri2018spatio,
  title={Spatio-temporal Data Mining: A Survey of Problems and Methods},
  author={Atluri, Gowtham and Karpatne, Anuj and Kumar, Vipin},
  journal={ACM Computing Surveys (CSUR)},
  volume={51},
  number={4},
  pages={1--41},
  year={2018},
  publisher={ACM New York, NY, USA}
}

@article{nazabal2020handling,
  title={Handling Incomplete Heterogeneous Data using VAEs},
  author={Nazabal, Alfredo and Olmos, Pablo M and Ghahramani, Zoubin and Valera, Isabel},
  journal={Pattern Recognition},
  volume={107},
  pages={107501},
  year={2020},
  publisher={Elsevier}
}
@inproceedings{yoon2018gain,
  title={GAIN: Missing Data Imputation using Generative Adversarial Nets},
  author={Yoon, Jinsung and Jordon, James and Schaar, Mihaela},
  booktitle={International Conference on Machine Learning},
  pages={5689--5698},
  year={2018},
  organization={PMLR}
}
@inproceedings{luo2019e2gan,
  title={E2gan: End-to-end Generative Adversarial Network for Multivariate Time Series Imputation},
  author={Luo, Yonghong and Zhang, Ying and Cai, Xiangrui and Yuan, Xiaojie},
  booktitle={AAAI Press},
  pages={3094--3100},
  year={2019}
}
@article{yang2021st,
  title={ST-LBAGAN: Spatio-temporal Learnable Bidirectional Attention Generative Adversarial Networks for Missing Traffic Data Imputation},
  author={Yang, Bing and Kang, Yan and Yuan, YaoYao and Huang, Xin and Li, Hao},
  journal={Knowledge-Based Systems},
  volume={215},
  pages={106705},
  year={2021},
  publisher={Elsevier}
}
@article{chen2019traffic,
  title={Traffic Flow Imputation using Parallel Data and Generative Adversarial Networks},
  author={Chen, Yuanyuan and Lv, Yisheng and Wang, Fei-Yue},
  journal={IEEE Transactions on Intelligent Transportation Systems},
  volume={21},
  number={4},
  pages={1624--1630},
  year={2019},
  publisher={IEEE}
}

@inproceedings{li20183d,
  title={3D Convolutional Generative Adversarial Networks for Missing Traffic Data Completion},
  author={Li, Zhimin and Zheng, Haifeng and Feng, Xinxin},
  booktitle={2018 10th International Conference on Wireless Communications and Signal Processing (WCSP)},
  pages={1--6},
  year={2018},
  organization={IEEE}
}


@article{duan2016efficient,
  title={An Efficient Realization of Deep Learning for Traffic Data Imputation},
  author={Duan, Yanjie and Lv, Yisheng and Liu, Yu-Liang and Wang, Fei-Yue},
  journal={Transportation research part C: emerging technologies},
  volume={72},
  pages={168--181},
  year={2016},
  publisher={Elsevier}
}
@article{goodfellow2014generative,
  title={Generative Adversarial Networks},
  author={Goodfellow, Ian J and Pouget-Abadie, Jean and Mirza, Mehdi and Xu, Bing and Warde-Farley, David and Ozair, Sherjil and Courville, Aaron and Bengio, Yoshua},
  journal={arXiv preprint arXiv:1406.2661},
  year={2014}
}
@inproceedings{vincent2008extracting,
  title={Extracting and Composing Robust Features with Denoising Autoencoders},
  author={Vincent, Pascal and Larochelle, Hugo and Bengio, Yoshua and Manzagol, Pierre-Antoine},
  booktitle={Proceedings of the 25th international conference on Machine learning},
  pages={1096--1103},
  year={2008}
}
@article{vincent2010stacked,
  title={Stacked Denoising Autoencoders: Learning Useful Representations In A Deep Network with A Local Denoising Criterion.},
  author={Vincent, Pascal and Larochelle, Hugo and Lajoie, Isabelle and Bengio, Yoshua and Manzagol, Pierre-Antoine and Bottou, L{\'e}on},
  journal={Journal of machine learning research},
  volume={11},
  number={12},
  year={2010}
}
@inproceedings{duan2014deep,
  title={A Deep Learning Based Approach for Traffic Data Imputation},
  author={Duan, Yanjie and Lv, Yisheng and Kang, Wenwen and Zhao, Yifei},
  booktitle={17th International IEEE Conference on Intelligent Transportation Systems (ITSC)},
  pages={912--917},
  year={2014},
  organization={IEEE}
}
@article{oba2003bayesian,
  title={A Bayesian Missing Value Estimation Method for Gene Expression Profile Data},
  author={Oba, Shigeyuki and Sato, Masa-aki and Takemasa, Ichiro and Monden, Morito and Matsubara, Ken-ichi and Ishii, Shin},
  journal={Bioinformatics},
  volume={19},
  number={16},
  pages={2088--2096},
  year={2003},
  publisher={Oxford University Press}
}
@article{chen2019bayesian,
  title={A Bayesian Tensor Decomposition Approach for Spatiotemporal Traffic Data Imputation},
  author={Chen, Xinyu and He, Zhaocheng and Sun, Lijun},
  journal={Transportation research part C: emerging technologies},
  volume={98},
  pages={73--84},
  year={2019},
  publisher={Elsevier}
}
@article{ran2016tensor,
  title={Tensor Based Missing Traffic Data Completion with Spatial-temporal Correlation},
  author={Ran, Bin and Tan, Huachun and Wu, Yuankai and Jin, Peter J},
  journal={Physica A: Statistical Mechanics and its Applications},
  volume={446},
  pages={54--63},
  year={2016},
  publisher={Elsevier}
}
@article{liu2012tensor,
  title={Tensor Completion for Estimating Missing Values In Visual Data},
  author={Liu, Ji and Musialski, Przemyslaw and Wonka, Peter and Ye, Jieping},
  journal={IEEE transactions on pattern analysis and machine intelligence},
  volume={35},
  number={1},
  pages={208--220},
  year={2012},
  publisher={IEEE}
}
@article{tipping1999probabilistic,
  title={Probabilistic Principal Component Analysis},
  author={Tipping, Michael E and Bishop, Christopher M},
  journal={Journal of the Royal Statistical Society: Series B (Statistical Methodology)},
  volume={61},
  number={3},
  pages={611--622},
  year={1999},
  publisher={Wiley Online Library}
}
@article{tak2016data,
  title={Data-driven Imputation Method for Traffic Data in Sectional units of road links},
  author={Tak, Sehyun and Woo, Soomin and Yeo, Hwasoo},
  journal={IEEE Transactions on Intelligent Transportation Systems},
  volume={17},
  number={6},
  pages={1762--1771},
  year={2016},
  publisher={IEEE}
}
@article{li2014missing,
  title={Missing traffic data: comparison of imputation methods},
  author={Li, Yuebiao and Li, Zhiheng and Li, Li},
  journal={IET Intelligent Transport Systems},
  volume={8},
  number={1},
  pages={51--57},
  year={2014},
  publisher={IET}
}
@article{qu2009ppca,
  title={PPCA-based missing data imputation for traffic flow volume: A systematical approach},
  author={Qu, Li and Li, Li and Zhang, Yi and Hu, Jianming},
  journal={IEEE Transactions on intelligent transportation systems},
  volume={10},
  number={3},
  pages={512--522},
  year={2009},
  publisher={IEEE}
}
@article{troyanskaya2001missing,
  title={Missing value estimation methods for DNA microarrays},
  author={Troyanskaya, Olga and Cantor, Michael and Sherlock, Gavin and Brown, Pat and Hastie, Trevor and Tibshirani, Robert and Botstein, David and Altman, Russ B},
  journal={Bioinformatics},
  volume={17},
  number={6},
  pages={520--525},
  year={2001},
  publisher={Oxford University Press}
}
@article{kumar2015short,
  title={Short-term Traffic Flow Prediction Using Seasonal ARIMA Model with Limited Input Data},
  author={Kumar, S Vasantha and Vanajakshi, Lelitha},
  journal={European Transport Research Review},
  volume={7},
  number={3},
  pages={1--9},
  year={2015},
  publisher={SpringerOpen}
}
@article{castro2009online,
  title={Online-SVR for short-term traffic flow prediction under typical and atypical traffic conditions},
  author={Castro-Neto, Manoel and Jeong, Young-Seon and Jeong, Myong-Kee and Han, Lee D},
  journal={Expert systems with applications},
  volume={36},
  number={3},
  pages={6164--6173},
  year={2009},
  publisher={Elsevier}
}
@article{lee1999application,
  title={Application of subset autoregressive integrated moving average model for short-term freeway traffic volume forecasting},
  author={Lee, Sangsoo and Fambro, Daniel B},
  journal={Transportation Research Record},
  volume={1678},
  number={1},
  pages={179--188},
  year={1999},
  publisher={SAGE Publications Sage CA: Los Angeles, CA}
}
@article{batista2003analysis,
  title={An analysis of four missing data treatment methods for supervised learning},
  author={Batista, Gustavo EAPA and Monard, Maria Carolina},
  journal={Applied artificial intelligence},
  volume={17},
  number={5-6},
  pages={519--533},
  year={2003},
  publisher={Taylor \& Francis}
}
@inproceedings{zhang2017deep,
  title={Deep spatio-temporal residual networks for citywide crowd flows prediction},
  author={Zhang, Junbo and Zheng, Yu and Qi, Dekang},
  booktitle={Proceedings of the AAAI Conference on Artificial Intelligence},
  volume={31},
  number={1},
  year={2017}
}
@inproceedings{wang2018deepstcl,
  title={Deepstcl: A deep spatio-temporal convlstm for travel demand prediction},
  author={Wang, Dongjie and Yang, Yan and Ning, Shangming},
  booktitle={2018 international joint conference on neural networks (IJCNN)},
  pages={1--8},
  year={2018},
  organization={IEEE}
}
@book{little2019statistical,
  title={Statistical analysis with missing data},
  author={Little, Roderick JA and Rubin, Donald B},
  volume={793},
  year={2019},
  publisher={John Wiley \& Sons}
}
@article{wang2018locality,
  title={Locality constraint distance metric learning for traffic congestion detection},
  author={Wang, Qi and Wan, Jia and Yuan, Yuan},
  journal={Pattern Recognition},
  volume={75},
  pages={272--281},
  year={2018},
  publisher={Elsevier}
}
@article{hwg2005,
  language   ="zh",
  author={韩卫国 and 王劲峰 and 胡建军},
  title={交通流量数据缺失值的插补方法},
  journal={交通与计算机},
  volume={23},
  number={1},
  pages={39--42},
  year={2005}
}
@article{plg2010,
  language   ="zh",
  title={传感器网络中一种基于时-空相关性的缺失值估计算法},
  author={潘立强 and 李建中 and 骆吉洲},
  journal={计算机学报},
  volume={33},
  number={1},
  pages={1--11},
  year={2010}
}

@INPROCEEDINGS{cnproceed,
	author    = {王重阳 and 黄药师 and 欧阳峰 and 洪七公 and 段皇帝},
	title     = {武林高手从入门到精通},
	booktitle = {第~$N$~次华山论剑},
	year      = 2006,
	address   = {西安, 中国},
	month     = sep,
	language   ="zh",
}

@ARTICLE{cnarticle,
	AUTHOR  = "贾宝玉 and 林黛玉 and 薛宝钗 and 贾探春",
	TITLE   = "论刘姥姥食量大如牛之现实意义",
	JOURNAL = "红楼梦杂谈",
	PAGES   = "260--266",
	VOLUME  = "224",
	YEAR    = "1800",
	language   ="zh",
}


@inbook{Lin1992,
	language   ="zh",
	AUTHOR     = "林来兴",
	TITLE      = "空间控制技术",
	PUBLISHER  = "宇航出版社",
	YEAR       = "1992",
	Pages      = "25-42",
	ADDRESS    = "北京",
}

@book{xin1994,
	language   ="zh",
	title={信息技术与信息服务国际研讨会论文集},
	author={辛希孟 and 中国科学院文献信息中心 and 孟广均 and 信息学},
	year={1994},
	publisher={中国社会科学出版社},
	pages={45-49},
	address={北京},
	typeoflit={C},
}

@book{zhao1998,
	language   ="zh",
	title={新时代的工业工程师},
	author={赵耀东},
	year={1998},
	citedate =     {1998-09-26},
	address={台北},
	publisher={天下文化出版社},
	url={http://www.ie.nthu.edu.tw/info/ie.newie.htm(Big5)},
	typeoflit={M/OL},
}

@phdthesis{Chen1992,
	language   ="zh",
	Author = {谌颖},
	Title = {空间最优交会控制理论与方法研究},
	ADDRESS    = "哈尔滨",
	School = {哈尔滨工业大学},
	Year = {1992},
	pages= {8-13},
}

@article{hithesis2017,
	title={Hi!Thesis!,Harbin Institue of Technology},
	author={Yanshuo Chu},
	journal={Github},
	volume={001},
	number={0001},
	pages={000-999},
	year={2017},
}
